@misc{lctifa,
    author       = {Tifa},
    title        = {Tifa's lecture & slice about 2D convex hull & half plane intersection},
    year         = {2022},
    publisher    = {GitHub},
    journal      = {GitHub Repository},
    howpublished = {\url{https://github.com/Tiphereth-A/CPL-cvxhl}}
}
