@misc{enwiki:1096894205,
    author = {{Wikipedia contributors}},
    title  = {IEEE 754 --- {Wikipedia}{,} The Free Encyclopedia},
    year   = {2022},
    url    = {https://en.wikipedia.org/w/index.php?title=IEEE_754&oldid=1096894205},
    note   = {[Online; accessed 14-July-2022]}
}

@misc{oiwiki:geo2d,
    author    = {OI Wiki Team},
    title     = {二维计算几何基础 --- {OI Wiki}},
    year      = {2016},
    publisher = {GitHub},
    url       = {https://github.com/OI-wiki/OI-wiki/blob/12e81313e52e8203af2d33b06803d28d1ed393a3/docs/geometry/2d.md},
    note      = {[Online; accessed 4-May-2022]}
}

@misc{oiwiki:cvhull,
    author    = {OI Wiki Team},
    title     = {凸包 --- {OI Wiki}},
    year      = {2016},
    publisher = {GitHub},
    url       = {https://github.com/OI-wiki/OI-wiki/blob/acb7fd92acb90b61bda4f979b59a4f7a28bb2641/docs/geometry/convex-hull.md},
    note      = {[Online; accessed 15-July-2022]}
}

@misc{oiwiki:hpis,
    author    = {OI Wiki Team},
    title     = {半平面交 --- {OI Wiki}},
    year      = {2016},
    publisher = {GitHub},
    url       = {https://github.com/OI-wiki/OI-wiki/blob/12e8ed5024e20a4ab6d573131f168f6e4e83332e/docs/geometry/half-plane.md},
    note      = {[Online; accessed 4-May-2022]}
}
